@inbook{chapter7,  
	author={C. Y. {Laporte} and A. {April}},  
	booktitle={Software Quality Assurance},   
	title={Verification and Validation},   
	year={2018},  
	volume={},  
	number={},  
	pages={249-294},  
	doi={10.1002/9781119312451.ch7}
}

@InProceedings{trace,  
	author={H. P. {Putro} and A. F. {Wibowo}},  
	booktitle={2018 Third International Conference on Informatics and Computing (ICIC)},   
	title={Software Verification and Validation on Object Oriented Software Development Using Traceability Matrix},   
	year={2018},  
	volume={},  
	number={},  
	pages={1-5},  
	doi={10.1109/IAC.2018.8780518}
}

@InProceedings{hazard,  
	author={B. {Smith} and M. S. {Feather} and T. {Huntsberger} and R. {Bocchino}},  
	booktitle={2020 Annual Reliability and Maintainability Symposium (RAMS)},   
	title={Software Assurance of Autonomous Spacecraft Control},   year={2020},  
	volume={},  
	number={},  
	pages={1-7},  
	doi={10.1109/RAMS48030.2020.9153674}
}

@article{standard,  
	author={},  
	journal={IEEE Std 1012-2016 (Revision of IEEE Std 1012-2012/ Incorporates IEEE Std 1012-2016/Cor1-2017)},   
	title={{IEEE Standard for System, Software, and Hardware Verification and Validation}},   
	year={2017},  
	volume={},  
	number={},  
	pages={1-260},  
	doi={10.1109/IEEESTD.2017.8055462}
}

@article{mckinsey,  
	author={Michael Bloch, Sven Blumberg, and Jürgen Laartz},  
	journal={McKinsey on Business Technology},   
	title={Delivering large scale IT projects on time, on budget, and on value},   
	year={2012},  
	volume={},  
	number={},  
	pages={},  
	doi={}
}

@InProceedings{ivv,  
	author={K. {Kakimoto} and K. {Sasaki} and H. {Umeda} and Y. {Ueda}},  
	booktitle={2017 IEEE International Symposium on Software Reliability Engineering Workshops (ISSREW)},   
	title={IV V Case: Empirical Study of Software Independent Verification and Validation Based on Safety Case},   
	year={2017},  
	volume={},  
	number={},  
	pages={32-35},  
	doi={10.1109/ISSREW.2017.29}
}

@InProceedings{regression,
	author = {Labuschagne, Adriaan and Inozemtseva, Laura and Holmes, Reid},
	title = {Measuring the Cost of Regression Testing in Practice: A Study of Java Projects Using Continuous Integration},
	year = {2017},
	isbn = {9781450351058},
	publisher = {Association for Computing Machinery},
	address = {New York, NY, USA},
	url = {https://doi.org/10.1145/3106237.3106288},
	doi = {10.1145/3106237.3106288},
	pages = {821–830},
	numpages = {10},
	keywords = {Regression testing, continuous integration, cost effectiveness, flaky tests},
	location = {Paderborn, Germany},
	series = {ESEC/FSE 2017}
}

@article{algo,  
	author={S. {Shudler} and Y. {Berens} and A. {Calotoiu} and T. {Hoefler} and A. {Strube} and F. {Wolf}},  
	journal={IEEE Transactions on Parallel and Distributed Systems},   
	title={Engineering Algorithms for Scalability through Continuous Validation of Performance Expectations},   
	year={2019},  
	volume={30},  
	number={8},  
	pages={1768-1785},  
	doi={10.1109/TPDS.2019.2896993}
}

@article{tools,  
	author={M. {Rodriguez} and M. {Piattini} and C. {Ebert}},  
	journal={IEEE Software},   
	title={Software Verification and Validation Technologies and Tools},   
	year={2019},  
	volume={36},  
	number={2},  
	pages={13-24},  
	doi={10.1109/MS.2018.2883354}
}

@InProceedings{agile,  
	author={J. D. {Arthur} and J. B. {Dabney}},  
	booktitle={2017 Annual IEEE International Systems Conference (SysCon)},   
	title={Applying standard independent verification and validation (IV V) techniques within an Agile framework: Is there a compatibility issue?},   year={2017},  
	volume={},  
	number={},  
	pages={1-5},  
	doi={10.1109/SYSCON.2017.7934770}
}

@InProceedings{refmod,  
	author={J. D. {Arthur} and J. B. {Dabney}},  
	booktitle={2017 Annual IEEE International Systems Conference (SysCon)},   
	title={Applying standard independent verification and validation (IV V) techniques within an Agile framework: Is there a compatibility issue?},   year={2017},  
	volume={},  
	number={},  
	pages={1-5},  
	doi={10.1109/SYSCON.2017.7934770}
}

@techreport{ISO24765,
	type = {Standard},
	key = {ISO 24765:2017},
	year = {2017},
	title = {{Systems and Software Engineering}},
	address = {Geneva, CH},
	institution = {International Organization for Standardization}
}

@techreport{ieee829,
	type = {Standard},
	key = {IEEE 829:2008},
	year = {2008},
	title = {{Software and Systems Test Documentation}},
	institution = {Institute of Electrical and Electronics Engineers}
}

@techreport{iso12207,
	type = {Standard},
	key = {ISO 12207:2008},
	year = {2008},
	title = {{Systems and software engineering — Software life cycle processes}},
	institution = {International Organization for Standardization}
}

@techreport{iso25000,
	type = {Standard},
	key = {ISO 25000},
	year = {2014},
	title = {{System and Software Quality Requirements and Evaluation}},
	institution = {International Organization for Standardization}
}

@article{rosenblum,
	author = {Harrold, Mary Jean and Rosenblum, David and Rothermel, Gregg and Weyuker, Elaine},
	title = {Empirical Studies of a Prediction Model for Regression Test Selection},
	year = {2001},
	issue_date = {March 2001},
	publisher = {IEEE Press},
	volume = {27},
	number = {3},
	issn = {0098-5589},
	url = {https://doi.org/10.1109/32.910860},
	doi = {10.1109/32.910860},
	month = mar,
	pages = {248–263},
	numpages = {16},
	keywords = {regression test selection., regression testing, selective retest, Software maintenance}
}
