@article{Sihombing_2018,
	doi = {10.1088/1742-6596/978/1/012031},
	url = {https://doi.org/10.1088/1742-6596/978/1/012031},
	year = 2018,
	month = {mar},
	publisher = {{IOP} Publishing},
	volume = {978},
	pages = {012031},
	author = {P Sihombing and T P Astuti and  Herriyance and D Sitompul},
	title = {Microcontroller based automatic temperature control for oyster mushroom plants},
	journal = {Journal of Physics: Conference Series},
}

@inproceedings{Deng2018DevelopmentOA,
  title={Development of Automated Warehouse Management System},
  author={M. Deng and J. Mao and Xingwen Gan},
  publisher={MATEC Web of Conferences},
  year={2018}
}

@INPROCEEDINGS{5451644,  author={Y. {Lu} and Y. {Liu} and  {Gengyu Li} and  {Guozhi Song} and  {Mingzhe Liu} and W. {Liu}},  booktitle={2010 The 2nd International Conference on Computer and Automation Engineering (ICCAE)},   title={Design and application of an automatic packaging machine controller based on ATmega 128},   year={2010},  volume={4},  number={},  pages={410-414},  doi={10.1109/ICCAE.2010.5451644}}

@article{main_paper,
author = {Azadeh, Kaveh and De Koster, Ren\'{e} and Roy, Debjit},
title = {Robotized and Automated Warehouse Systems: Review and Recent Developments},
year = {2019},
issue_date = {July-August 2019},
publisher = {INFORMS},
address = {Linthicum, MD, USA},
volume = {53},
number = {4},
issn = {1526-5447},
url = {https://doi.org/10.1287/trsc.2018.0873},
doi = {10.1287/trsc.2018.0873},
journal = {Transportation Science},
month = jul,
pages = {917–945},
numpages = {29},
keywords = {warehousing, planning and control, robotic systems}
}

@article{agvmicro,
title = {Microprocessors in factory automation — A case study of an automated guided vehicle system and its integration into a hierarchical control structure},
journal = {Microprocessing and Microprogramming},
volume = {18},
number = {1},
pages = {647-656},
year = {1986},
note = {Microarchitectures, Developments and Applications},
issn = {0165-6074},
doi = {https://doi.org/10.1016/0165-6074(86)90104-3},
url = {https://www.sciencedirect.com/science/article/pii/0165607486901043},
author = {T. Tempelmeier},
}

@article{rmfs,
title = {Robot-storage zone assignment strategies in mobile fulfillment systems},
journal = {Transportation Research Part E: Logistics and Transportation Review},
volume = {122},
pages = {119-142},
year = {2019},
issn = {1366-5545},
doi = {https://doi.org/10.1016/j.tre.2018.11.005},
url = {https://www.sciencedirect.com/science/article/pii/S1366554518304307},
author = {Debjit Roy and Shobhit Nigam and René {de Koster} and Ivo Adan and Jacques Resing},
keywords = {Mobile shelves, Robot assignment, Queueing models, Design insights}
}